<record><leader>00000cas a22000007a 4500</leader><controlfield tag="001">14634364</controlfield><controlfield tag="008">861104d19711972txuer ne      0    0eng d</controlfield><datafield ind1=" " ind2=" " tag="010"><subfield code="a">sn 86089950 </subfield></datafield><datafield ind1=" " ind2=" " tag="040"><subfield code="a">PPM</subfield><subfield code="b">eng</subfield><subfield code="c">PPM</subfield><subfield code="d">OCLCQ</subfield></datafield><datafield ind1=" " ind2=" " tag="042"><subfield code="a">msc</subfield></datafield><datafield ind1="0" ind2="0" tag="245"><subfield code="a">South jetty.</subfield></datafield><datafield ind1=" " ind2=" " tag="260"><subfield code="a">Port Aransas, Tex. :</subfield><subfield code="b">South Jetty Pub. Co.</subfield></datafield><datafield ind1=" " ind2=" " tag="300"><subfield code="a">v. :</subfield><subfield code="b">ill. ;</subfield><subfield code="c">45 cm.</subfield></datafield><datafield ind1=" " ind2=" " tag="310"><subfield code="a">Biweekly</subfield></datafield><datafield ind1="0" ind2=" " tag="362"><subfield code="a">-v. 2, no. 14 (Dec. 14, 1972).</subfield></datafield><datafield ind1="1" ind2=" " tag="362"><subfield code="a">Began in 1971?</subfield></datafield><datafield ind1=" " ind2=" " tag="588"><subfield code="a">Description based on: Vol. 1, no. 2 (July 13, 1971).</subfield></datafield><datafield ind1=" " ind2=" " tag="752"><subfield code="a">United States</subfield><subfield code="b">Texas</subfield><subfield code="c">Nueces</subfield><subfield code="d">Port Aransas.</subfield></datafield><datafield ind1=" " ind2=" " tag="752"><subfield code="a">United States</subfield><subfield code="b">Texas</subfield><subfield code="c">Nueces</subfield><subfield code="d">Mustang Island.</subfield></datafield><datafield ind1="0" ind2="0" tag="785"><subfield code="t">Port Aransas south jetty</subfield></datafield><datafield ind1="1" ind2=" " tag="029"><subfield code="a">AU@</subfield><subfield code="b">000025784414</subfield></datafield></record>